<?xml version="1.0" encoding="UTF-8"?><collection xmlns="http://www.loc.gov/MARC21/slim"><record><leader>00428nam--2200133-i-4500</leader><controlfield tag="001">000039409</controlfield><controlfield tag="002">20161230</controlfield><controlfield tag="005">20161230201042</controlfield><controlfield tag="008">060222s1000------------r-----000-0-eng-d</controlfield><datafield ind1=" " ind2=" " tag="080"><subfield code="a">539-172.17(061.3)</subfield></datafield><datafield ind1=" " ind2=" " tag="245"><subfield code="a">Held at vanderbit univ.,naschville, tenesse, june 10-14, 1974</subfield></datafield><datafield ind1=" " ind2=" " tag="260"><subfield code="a">Amsterdam, North-hilland Publ.Co., 1974, Xxiii + 211p</subfield></datafield><datafield ind1=" " ind2=" " tag="700"><subfield code="a">Robinson, R.L., Mcgowan, F.K., Ball, J.B.And Hamilton, J.H</subfield></datafield><datafield ind1=" " ind2=" " tag="852"><subfield code="a">42992</subfield></datafield></record></collection>